@preamble{ " \newcommand{\noop}[1]{} " } % a do-nothing command that serves a purpose

@ARTICLE{Bazot2012,
       author = {{Bazot}, M. and {Campante}, T.~L. and {Chaplin}, W.~J. and
         {Carfantan}, H. and {Bedding}, T.~R. and {Dumusque}, X. and
         {Broomhall}, A. -M. and {Petit}, P. and {Th{\'e}ado}, S. and
         {Van Grootel}, V. and {Arentoft}, T. and {Castro}, M. and
         {Christensen-Dalsgaard}, J. and {do Nascimento}, J. -D., Jr. and
         {Dintrans}, B. and {Kjeldsen}, H. and {Monteiro}, M.~J.~P.~F.~G. and
         {Santos}, N.~C. and {Sousa}, S. and {Vauclair}, S.},
        title = "{Estimating the p-mode frequencies of the solar twin 18 Scorpii}",
      journal = {\aap},
     keywords = {stars: individual: 18 Sco, stars: oscillations, techniques: radial velocities, methods: data analysis, Astrophysics - Solar and Stellar Astrophysics},
         year = "2012",
        month = "Aug",
       volume = {544},
          eid = {A106},
        pages = {A106},
          doi = {10.1051/0004-6361/201117963},
archivePrefix = {arXiv},
       eprint = {1209.0218},
 primaryClass = {astro-ph.SR},
       adsurl = {https://ui.adsabs.harvard.edu/abs/2012A&A...544A.106B},
      adsnote = {Provided by the SAO/NASA Astrophysics Data System}
}

@ARTICLE{Chaplin2019,
       author = {{Chaplin}, W.~J. and {Cegla}, H.~M. and {Watson}, C.~A. and {Davies}, G.~R. and {Ball}, W.~H.},
        title = "{Filtering Solar-Like Oscillations for Exoplanet Detection in Radial Velocity Observations}",
      journal = {\aj},
     keywords = {planets and satellites: detection, stars: low-mass, stars: oscillations, Astrophysics - Solar and Stellar Astrophysics, Astrophysics - Earth and Planetary Astrophysics},
         year = 2019,
        month = apr,
       volume = {157},
       number = {4},
          eid = {163},
        pages = {163},
          doi = {10.3847/1538-3881/ab0c01},
archivePrefix = {arXiv},
       eprint = {1903.00657},
 primaryClass = {astro-ph.SR},
       adsurl = {https://ui.adsabs.harvard.edu/abs/2019AJ....157..163C},
      adsnote = {Provided by the SAO/NASA Astrophysics Data System}
}

@ARTICLE{Dumusque2011,
       author = {{Dumusque}, X. and {Udry}, S. and {Lovis}, C. and {Santos}, N.~C. and {Monteiro}, M.~J.~P.~F.~G.},
        title = "{Planetary detection limits taking into account stellar noise. I. Observational strategies to reduce stellar oscillation and granulation effects}",
      journal = {\aap},
     keywords = {planetary systems, stars: oscillations, techniques: radial velocities, Astrophysics - Earth and Planetary Astrophysics},
         year = 2011,
        month = jan,
       volume = {525},
          eid = {A140},
        pages = {A140},
          doi = {10.1051/0004-6361/201014097},
archivePrefix = {arXiv},
       eprint = {1010.2616},
 primaryClass = {astro-ph.EP},
       adsurl = {https://ui.adsabs.harvard.edu/abs/2011A&A...525A.140D},
      adsnote = {Provided by the SAO/NASA Astrophysics Data System}
}

@ARTICLE{astropy,
author = {{Astropy Collaboration} and {Robitaille}, T.~P. and {Tollerud}, E.~J. and
    {Greenfield}, P. and {Droettboom}, M. and {Bray}, E. and {Aldcroft}, T. and
    {Davis}, M. and {Ginsburg}, A. and {Price-Whelan}, A.~M. and
    {Kerzendorf}, W.~E. and {Conley}, A. and {Crighton}, N. and
    {Barbary}, K. and {Muna}, D. and {Ferguson}, H. and {Grollier}, F. and
    {Parikh}, M.~M. and {Nair}, P.~H. and {Unther}, H.~M. and {Deil}, C. and
    {Woillez}, J. and {Conseil}, S. and {Kramer}, R. and {Turner}, J.~E.~H. and
    {Singer}, L. and {Fox}, R. and {Weaver}, B.~A. and {Zabalza}, V. and
    {Edwards}, Z.~I. and {Azalee Bostroem}, K. and {Burke}, D.~J. and
    {Casey}, A.~R. and {Crawford}, S.~M. and {Dencheva}, N. and
    {Ely}, J. and {Jenness}, T. and {Labrie}, K. and {Lim}, P.~L. and
    {Pierfederici}, F. and {Pontzen}, A. and {Ptak}, A. and {Refsdal}, B. and
    {Servillat}, M. and {Streicher}, O.},
title = "{Astropy: A community Python package for astronomy}",
journal = {\aap},
archivePrefix = "arXiv",
eprint = {1307.6212},
primaryClass = "astro-ph.IM",
keywords = {methods: data analysis, methods: miscellaneous, virtual observatory tools},
year = 2013,
month = oct,
volume = 558,
eid = {A33},
pages = {A33},
doi = {10.1051/0004-6361/201322068},
adsurl = {http://adsabs.harvard.edu/abs/2013A%26A...558A..33A},
adsnote = {Provided by the SAO/NASA Astrophysics Data System} }

@ARTICLE{emcee, 
  author = {{Foreman-Mackey}, D. and {Hogg}, D.~W. and {Lang}, D. and {Goodman}, J. },
  title = "{emcee: The MCMC Hammer}",
  journal = {\pasp},
  archivePrefix = "arXiv",
  eprint = {1202.3665},
  primaryClass = "astro-ph.IM",
  year = 2013,
  month = mar,
  volume = 125,
  pages = {306},
  doi = {10.1086/670067},
  adsurl = {http://adsabs.harvard.edu/abs/2013PASP..125..306F},
  adsnote = {Provided by the SAO/NASA Astrophysics Data System}}

@article{gala,
  doi = {10.21105/joss.00388},
  url = {https://doi.org/10.21105%2Fjoss.00388},
  year = 2017,
  month = {oct},
  publisher = {The Open Journal},
  volume = {2},
  number = {18},
  author = {Adrian M. Price-Whelan},
  title = {Gala: A Python package for galactic dynamics},
  journal = {The Journal of Open Source Software}
}

@Article{ipython,
 Author    = {P\'erez, Fernando and Granger, Brian E.},
 Title     = {{IP}ython: a System for Interactive Scientific Computing},
 Journal   = {Computing in Science and Engineering},
 Volume    = {9},
 Number    = {3},
 Pages     = {21--29},
 month     = may,
 year      = 2007,
 url       = "https://ipython.org",
 ISSN      = "1521-9615",
 doi       = {10.1109/MCSE.2007.53},
 publisher = {IEEE Computer Society} }
 
 @INPROCEEDINGS{iraf,
    author = {{Tody}, D.},
     title = "{The IRAF Data Reduction and Analysis System}",
 booktitle = {Instrumentation in astronomy VI},
      year = 1986,
    series = {\procspie},
    volume = 627,
    editor = {{Crawford}, D.~L.},
     month = jan,
     pages = {733},
       doi = {10.1117/12.968154},
    adsurl = {http://adsabs.harvard.edu/abs/1986SPIE..627..733T},
   adsnote = {Provided by the SAO/NASA Astrophysics Data System}
 }
 
 @ARTICLE{matplotlib,
    author = {{Hunter}, J.~D.},
     title = "{Matplotlib: A 2D Graphics Environment}",
   journal = {Computing in Science and Engineering},
  keywords = {Python, Scripting languages, Application development, Scientific programming  },
      year = 2007,
     month = may,
    volume = 9,
     pages = {90-95},
       doi = {10.1109/MCSE.2007.55},
    adsurl = {http://adsabs.harvard.edu/abs/2007CSE.....9...90H},
   adsnote = {Provided by the SAO/NASA Astrophysics Data System}
 }

@ARTICLE{numpy, 
	author={S. van der Walt and S. C. Colbert and G. Varoquaux}, 
	journal={Computing in Science Engineering}, 
	title={The NumPy Array: A Structure for Efficient Numerical Computation}, 
	year={2011}, 
	volume={13}, 
	number={2}, 
	pages={22-30}, 
	keywords={data structures;high level languages;mathematics computing;numerical analysis;Python programming language;high level language;numerical 	computation;numerical data;numpy array;Arrays;Computational efficiency;Finite element methods;Numerical analysis;Performance evaluation;Resource management;Vector 	quantization;NumPy;Python;numerical computations;programming libraries;scientific programming}, 
	doi={10.1109/MCSE.2011.37}, 
	ISSN={1521-9615}, 
	month={March}
}

@InProceedings{pandas,
 author    = { Wes McKinney },
 title     = { Data Structures for Statistical Computing in Python },
 booktitle = { Proceedings of the 9th Python in Science Conference },
 pages     = { 51 - 56 },
 year      = { 2010 },
 editor    = { St\'efan van der Walt and Jarrod Millman }
}
 
 @article{schwimmbad,
   doi = {10.21105/joss.00357},
   url = {https://doi.org/10.21105/joss.00357},
   year  = {2017},
   month = {sep},
   publisher = {The Open Journal},
   volume = {2},
   number = {17},
   author = {Adrian M. Price-Whelan and Daniel Foreman-Mackey},
   title = {schwimmbad: A uniform interface to parallel processing pools in Python},
   journal = {The Journal of Open Source Software}
 }

@Misc{scipy,
  author =    {Eric Jones and Travis Oliphant and Pearu Peterson and others},
  title =     {{SciPy}: Open source scientific tools for {Python}},
  year =      {2001--},
  url = "http://www.scipy.org/",
  note = {[Online; accessed <today>]}
}